@inproceedings{streetview,
	title = {Large-scale Privacy Protection in Google Street View},
	author  = {Andrea Frome and German Cheung and Ahmad Abdulkader and Marco Zennaro and Bo Wu and Alessandro Bissacco and Hartwig Adam and Hartmut Neven and Luc Vincent},
	year  = 2009,
	booktitle = {IEEE International Conference on Computer Vision}
}

@misc{website:lenet,
	author = "LISA Lab",
	title = "{DeepLearning} documentation: Convolutional Nerual Networks ({LeNet})",
	month = "December",
	year = "2014",
	note = {\url{http://deeplearning.net/tutorial/lenet.html}}
},

@misc{mnist,
	author = "Yann LeCun and Corinna Cortes and Christopher J.C. Burges",
	title = "{MNIST} Database of Handwritten Digits",
	note = {\url{http://yann.lecun.com/exdb/mnist/}}
},

@misc{git:cnn,
	author = "Favyen Bastani and Zhengli Wang",
	title = "{CNN} git repository",
	month = "December",
	year = "2014",
	note = {\url{https://github.com/uakfdotb/cnn}}
},
